<record><leader>00000cas a22000007a 4500</leader><controlfield tag="001">1764751</controlfield><controlfield tag="008">751101d19131920mnuwr ne      0    0eng d</controlfield><datafield ind1=" " ind2=" " tag="010"><subfield code="a">sn 90060260 </subfield></datafield><datafield ind1=" " ind2=" " tag="040"><subfield code="a">MUL</subfield><subfield code="b">eng</subfield><subfield code="c">MUL</subfield><subfield code="d">MN#</subfield><subfield code="d">OCLCQ</subfield><subfield code="d">OCLCO</subfield><subfield code="d">OCLCF</subfield></datafield><datafield ind1="1" ind2=" " tag="029"><subfield code="a">AU@</subfield><subfield code="b">000025905748</subfield></datafield><datafield ind1=" " ind2=" " tag="042"><subfield code="a">msc</subfield></datafield><datafield ind1=" " ind2=" " tag="043"><subfield code="a">n-us-mn</subfield></datafield><datafield ind1=" " ind2=" " tag="052"><subfield code="a">4144</subfield><subfield code="b">S16</subfield></datafield><datafield ind1=" " ind2=" " tag="052"><subfield code="a">4143</subfield><subfield code="b">H4</subfield></datafield><datafield ind1="0" ind2="0" tag="245"><subfield code="a">St. Bonifacius star.</subfield></datafield><datafield ind1="3" ind2="0" tag="246"><subfield code="a">Saint Bonifacius star</subfield></datafield><datafield ind1=" " ind2=" " tag="260"><subfield code="a">St. Bonifacius, Hennepin County, Minn. :</subfield><subfield code="b">Edward A. Hermanson,</subfield><subfield code="c">1913-1920.</subfield></datafield><datafield ind1=" " ind2=" " tag="300"><subfield code="a">7 v.</subfield></datafield><datafield ind1=" " ind2=" " tag="310"><subfield code="a">Weekly</subfield></datafield><datafield ind1="0" ind2=" " tag="362"><subfield code="a">Vol. 1, no. 1 (Sept. 19, 1913)-v. 7, no. 9 (Oct. 29, 1920).</subfield></datafield><datafield ind1=" " ind2=" " tag="530"><subfield code="a">Available on microfilm from the Minnesota Historical Society.</subfield></datafield><datafield ind1=" " ind2="0" tag="651"><subfield code="a">Saint Bonifacius (Minn.)</subfield><subfield code="v">Newspapers.</subfield></datafield><datafield ind1=" " ind2="7" tag="655"><subfield code="a">Newspapers.</subfield><subfield code="2">fast</subfield><subfield code="0">(OCoLC)fst01423814</subfield></datafield><datafield ind1=" " ind2="7" tag="651"><subfield code="a">Minnesota</subfield><subfield code="z">Saint Bonifacius.</subfield><subfield code="2">fast</subfield><subfield code="0">(OCoLC)fst01927447</subfield></datafield><datafield ind1=" " ind2=" " tag="752"><subfield code="a">United States</subfield><subfield code="b">Minnesota</subfield><subfield code="c">Hennepin</subfield><subfield code="d">Saint Bonifacius.</subfield></datafield><datafield ind1="0" ind2="4" tag="785"><subfield code="t">Waconia patriot</subfield><subfield code="w">(DLC)sn 88084208</subfield></datafield></record>